2514 4842
198 341 272 424 194
469 351 502 402 r.
519 303 740 404 'v'raernrr
762 347 977 402 aaronis
1031 337 1036 348 '

199 516 268 580 Ora
282 506 397 578 virum
413 501 501 569 tristi
515 498 710 588 pendebant
725 497 851 588 pallida
864 493 957 565 talto.

196 597 285 670 Huic
298 603 453 660 monstro
471 586 639 652 Volcanus
651 596 726 650 erat
742 596 852 671 pater:
875 584 965 650 illius
982 593 1075 649 utrm

198 687 270 750 Ore
284 699 424 744 vomens
435 673 539 760 ignis,
563 690 684 755 magna
694 689 731 734 se
745 672 836 736 mole
850 669 992 734 ferebat.

197 765 329 838 Adtulit
347 774 381 828 et
396 760 492 826 nobis
508 756 688 842 aliquando
707 755 900 844 optantibus
917 761 1009 820 aetas
1182 759 1239 822 200

134 909 136 922 .
197 851 373 922 Auxilium
387 845 636 928 adventumque
649 839 714 906 dei.
756 842 844 908 Nam
859 863 1040 916 maxumus
1055 838 1169 918 ultor,

198 931 394 1024 Tergemini
406 951 489 996 nece
499 929 683 1014 Geryonae
697 927 878 1014 spoliisque
896 925 1074 1012 superbus,

136 1005 143 1028 ⁸
178 1042 182 1055 ⁴
199 1023 334 1094 Alcides
348 1013 483 1090 aderat,
506 1027 688 1097 taurosque
703 1011 765 1076 hac
780 1009 889 1077 victor
903 1011 1024 1096 agebat

197 1107 369 1196 'Ingentis3
392 1102 586 1186 vallemque
602 1097 703 1186 boves
717 1117 922 1184 amnemque
938 1094 1113 1166 tenebant.

182 1185 186 1200 ⁸
200 1197 247 1261 At
260 1191 358 1258 furiis
371 1185 450 1254 Caci
463 1207 559 1249 meus
573 1181 694 1261 effera,
716 1181 854 1267 nequid
870 1185 1028 1248 inausum
1180 1185 1237 1250 205

199 1281 270 1348 Aut
279 1276 502 1354 intractatum
517 1268 696 1350 scelerisve
710 1267 824 1332 dolive
838 1265 965 1347 fuisset,

201 1364 361 1453 Quatuor
372 1381 393 1424 a
409 1355 545 1422 stabulis
557 1353 744 1442 praestanti
757 1375 899 1440 corpore
913 1363 1030 1430 taurqs
1104 1357 1107 1362 “

143 1498 145 1507 .
200 1447 355 1524 Avertit,
376 1442 515 1508 totidem
531 1437 642 1503 forma
655 1451 835 1526 superante
847 1438 1017 1504 iuvencas.

201 1538 315 1619 Atque
330 1531 409 1606 hos,
432 1549 475 1592 ne
489 1547 556 1613 qua
571 1523 688 1607 forent
701 1523 842 1611 pedibus
857 1522 999 1608 vestigia
1016 1521 1126 1605 rectis,

201 1616 319 1686 Gauda
331 1613 367 1678 in
382 1613 579 1699 speluncam
590 1613 732 1688 tractos,
754 1609 929 1694 versisque
943 1609 1078 1676 viarum
1174 1616 1232 1677 210

199 1701 335 1772 Iudiciis
349 1709 480 1786 raptos,
503 1717 584 1760 saxo
600 1693 792 1761 occultabat
806 1715 926 1782 opaco.

201 1782 392 1876 Quaerenti
407 1782 501 1847 nulla
516 1781 558 1845 ad
574 1779 772 1866 speluncam
787 1778 881 1864 signa
898 1777 1066 1850 ferebant.

186 1877 350 1950 interea,
373 1887 477 1953 quum
494 1865 562 1930 iam
576 1864 713 1930 stabulis
726 1875 874 1931 saturata
888 1876 1046 1940 moveret

199 1952 521 2046 Amphitryoniades
534 1951 706 2029 armenta,
728 1950 928 2035 abitumque
945 1961 1091 2038 pararet,
1121 2003 1126 2012 .

76 2077 81 2094 ¹
134 2091 141 2108 ,
198 2044 354 2111 Discessu
370 2037 503 2124 mugire
517 2035 620 2100 bores
627 2084 641 2114 ,
663 2048 763 2121 atque
778 2055 879 2100 omne
896 2035 1041 2120 querelis
1177 2039 1231 2108 215

198 2125 326 2216 Inplen‘
340 2145 479 2201 nemus,
503 2132 537 2186 et
553 2119 655 2185 colles
669 2121 817 2186 clamore
834 2119 989 2206 relinqui.

196 2211 355 2282 Reddidit
370 2230 439 2272 una
452 2208 554 2272 boum
570 2227 708 2285 vocem,
731 2217 895 2288 vastoque
911 2205 975 2271 sub
992 2216 1101 2270 antro*
1247 2237 1248 2244 κ

189 2296 341 2384 mugiit,
364 2304 397 2358 et
410 2292 491 2358 Caci
507 2311 608 2388 spem⁸
620 2291 784 2372 custodita
798 2289 930 2356 fefellit.

88 2391 93 2410 ¹
197 2383 263 2450 Hic
280 2403 362 2446 vero
377 2377 513 2445 Alcidae
529 2375 626 2441 furits
642 2388 814 2442 exarserat
829 2387 903 2440 atro

198 2467 293 2535 Felle
306 2464 420 2532 dolor:
442 2463 757 2554 rapiturmamanu
769 2459 933 2548 nodisque
947 2473 1131 2549 gravatum
1172 2469 1226 2532 220

197 2733 288 2786 atron
303 2753 339 2766 -
358 2739 409 2842 1919
420 2733 519 2790 magno
532 2737 559 2770 se
573 2717 638 2770 mole
641 2715 696 2786 sei
723 2714 830 2772 'culam
851 2734 917 2773 cum
937 2700 1074 2774 armentis
1089 2728 1158 2792 puta
1168 2735 1226 2790 pro-

151 2811 165 2838 *
193 2798 283 2864 rebar,
312 2791 406 2860 simp.
429 2789 465 2842 ad
481 2787 609 2841 habitum
632 2804 695 2839 cor·
721 2792 865 2859 'gressum
887 2789 944 2842 iam
969 2789 1004 2842 ab
1023 2790 1114 2843 altera
1132 2790 1225 2842 montis

191 2865 271 2937 poris
282 2871 444 2930 vastamque
458 2855 580 2980 speciem
588 2856 693 2923 refero,
736 2865 818 2928 parte
837 2859 1016 2930 processisse.
1032 2859 1114 2910 colles
1125 2860 1224 2911 elamore
1244 2897 1245 2936 q

191 2949 246 3006 pro
260 2933 414 2993 incedebat,-
432 2945 461 2984 se
495 2925 628 2979 assumsit
641 2941 702 2978 κιο·Ι
735 2928 863 2996 relinqui,
887 2927 915 2982 h.
931 2928 1058 2998 superari
1074 2929 1161 2982 bourn
1172 2944 1223 2980 mir·
1244 2937 1245 3013 q

190 3006 300 3056 tionem
314 2999 387 3053 vasti
399 2997 527 3066 corporis
534 3016 543 3064 ;
557 2995 601 3052 ,id
616 2993 693 3067 quod
734 2997 812 3080 pitu:
839 3005 872 3048 ut
890 2998 961 3050 bene
976 2999 1072 3050 Burni.
1089 2997 1220 3066 exposuit;

190 3071 229 3128 ad
240 3067 388 3144 ἐνάργειαν
402 3066 481 3121 facit.
719 3075 774 3131 ,tta
796 3074 828 3117 ut
855 3065 932 3120 ultra
955 3067 1043 3120 colles
1067 3067 1222 3136 procederet

383 3151 386 3158 ¹
730 3136 871 3203 mugitus,
895 3145 923 3190 et
936 3135 1072 3208 usquead
1086 3137 1153 3189 Caci
1167 3149 1219 3204 rpe-
1243 3137 1244 3217 l

226 3201 689 3275 sosct.nib.vtt‚661sqq.1ter-
718 3203 845 3256 'luuram
863 3203 895 3256 in
915 3205 1003 3258 altera
1024 3205 1132 3258 montis
1149 3211 1218 3274 parto

191 3275 262 3330 culis
274 3293 379 3330 nomen
393 3276 475 3330 variis
491 3269 631 3339 ltnlprurn
645 3272 689 3324 ia·
728 3273 895 3344 perveniret.
922 3276 965 3326 Its
979 3276 1085 3343 passim
1100 3275 1217 3344 relinqui-
1242 3319 1243 3324 ,

189 3345 264 3398 bulis
287 3347 431 3415 implicuit
455 3341 607 3411 antiquitas
615 3359 622 3407 ;
659 3349 688 3394 et
718 3345 876 3408 museum,
901 3340 1216 3414 quemsuperbmus,in
1242 3333 1243 3421 l

188 3423 354 3484 peragratas
379 3415 414 3466 eh
439 3411 562 3465 Hercule
586 3409 687 3462 Italiae
727 3411 828 3482 primis
849 3429 948 3481 cursu,
975 3410 1004 3466 et'
1021 3415 1083 3464 lora
1102 3411 1215 3480 relinqui*

89 3503 95 3514 ¹
187 3482 307 3554 vestigia
321 3484 427 3554 ubique
449 3481 637 3534 ostentabant.
651 3505 686 3520 -
707 3521 711 3532 s
727 3501 793 3544 mus,
811 3497 861 3550 per
874 3499 945 3552 quae
956 3482 1119 3550 transimus,
1134 3481 1166 3533 sd
1178 3479 1213 3530 ul-

117 3596 124 3616 „
169 3551 239 3610 '208
260 3555 381 3618 Avertit,
405 3551 509 3620 abigit,
526 3551 602 3614 utI,
622 3561 683 3630 527.
725 3550 831 3602 teriora
847 3551 1007 3672 pergendo,
1032 3551 1150 3624 ideoque
1166 3539 1242 3623 cla-i

171 3627 251 3688 'tuni
276 3621 449 3671 intractatum
479 3637 529 3689 pro
554 3619 681 3688 vrtlgan:
724 3633 790 3670 mor
820 3620 957 3690 reinquit
995 3619 1071 3674 altos
1104 3629 1211 3680 montes,

184 3689 372 3754 intentatum
407 3705 475 3742 nam
495 3688 626 3742 iunctum
642 3685 684 3759 τῷ
713 3689 716 3694 “
764 3705 796 3740 os
810 3699 931 3760 superat.
950 3691 1028 3742 Haec
1042 3700 1134 3743 mutan
1146 3687 1208 3738 ratio

174 3755 315 3812 'inausum
330 3758 629 3829 astabuli0,apascuis
649 3757 682 3808 iu
724 3703 795 3810 iiim
816 3765 867 3812 est.
902 3759 1031 3813 Praestat
1046 3755 1208 3812 curnSerrio
1240 3750 1241 3826 l

119 3843 123 3849 ’
164 3828 285 3948 ‚puibus
303 3827 528 3898 procubuerant:
553 3824 680 3896 utuinisi.
722 3828 867 3898 accipere:
887 3829 967 3880 eolles
979 3829 1119 3896 relinquis
1130 3827 1208 3880 bubus

104 3949 106 3954 .
168 3901 178 3932 ἵ
196 3906 288 3952 terum
307 3898 348 3950 sic
370 3915 394 3948 r.
412 3913 470 3963 215.
494 3927 530 3938 —-
554 3913 614 3965 209.
629 3913 679 3948 210
721 3892 938 3966 discedentibus,
955 3915 1021 3951 cum
1034 3897 1152 3950 clamore.
1169 3895 1206 3946 Sic

179 3965 244 4018 Hob
258 3965 420 4036 aMercurii
432 3965 677 4020 lunisadumbrs-
718 3967 743 4034 Ι,
762 3980 853 4036 519er
868 3967 992 4037 templum
1007 3987 1103 4036 magno
1120 3967 1204 4017 clauo·

90 4053 95 4066 ‘
176 4043 251 4092 tura.
266 4055 292 4090 v.
307 4039 422 4090 Homer.
437 4037 541 4104 Hymn.
556 4034 676 4104 inMer7
708 4033 895 4104 'repetebanr‚
922 4036 1020 4108 quidni
1033 4046 1061 4087 et
1076 4037 1203 4104 relinque·

159 4127 162 4134 ·
177 4119 238 4160 cur.
253 4123 278 4160 v.
289 4107 324 4178 69
337 4125 396 4177 sqq.
414 4121 456 4182 75.
472 4105 514 4176 76.
528 4125 602 4156 versu
615 4108 673 4154 uia·
714 4103 806 4158 liant?
822 4132 857 4144 -
873 4107 1018 4177 219sunu
1024 4144 1033 4172 ,
1052 4105 1199 4176 parturias,
1238 4121 1239 4128 ¹

112 4185 118 4196 ²
161 4189 232 4226 ‘mm
246 4180 346 4226 indicio
355 4185 422 4228 sunt
434 4174 548 4243 vestigia
557 4172 669 4240 pedum.
706 4174 898 4236 'irum-oar
913 4195 989 4228 ormo
1001 4185 1068 4228 suut
1079 4176 1140 4246 ipss
1151 4173 1198 4225 cla·

163 4241 305 4314 fuebant,
316 4261 346 4297 sa
358 4241 671 4312 ferebant-siblios-
711 4257 762 4311 va,
779 4245 813 4296 de
828 4261 885 4312 qua
897 4263 959 4318 sqq.
992 4273 996 4280 ·
1017 4241 1021 4248 '
