<?xml version="1.0" encoding="UTF-8"?>
<!DOCTYPE html PUBLIC "-//W3C//DTD XHTML 1.0 Transitional//EN"
    "http://www.w3.org/TR/xhtml1/DTD/xhtml1-transitional.dtd">
<html xmlns="http://www.w3.org/1999/xhtml" xml:lang="en" lang="en">
 <head>
  <title>
</title>
<meta http-equiv="Content-Type" content="text/html;charset=utf-8" />
  <meta name='ocr-system' content='tesseract 3.04.00' />
  <meta name='ocr-capabilities' content='ocr_page ocr_carea ocr_par ocr_line ocrx_word'/>
</head>
<body>
  <div class='ocr_page' id='page_1' title='image "./pvirgiliimaroni14virggoog/pvirgiliimaroni14virggoog_0257.png"; bbox 0 0 2474 4850; ppageno 0'>
   <div class='ocr_carea' id='block_1_1' title="bbox 185 331 1078 440">
    <p class='ocr_par' dir='ltr' id='par_1_1' title="bbox 185 331 1078 440">
     <span class='ocr_line' id='line_1_1' title="bbox 185 331 1078 440; baseline -0.013 0"><span class='ocrx_word' id='word_1_1' title='bbox 185 362 296 440; x_wconf 75' lang='lat'><strong>252.</strong></span> <span class='ocrx_word' id='word_1_2' title='bbox 447 380 488 430; x_wconf 83' lang='lat' dir='ltr'><strong>r.</strong></span> <span class='ocrx_word' id='word_1_3' title='bbox 519 347 731 434; x_wconf 72' lang='lat' dir='ltr'><strong>vinctum</strong></span> <span class='ocrx_word' id='word_1_4' title='bbox 755 379 964 433; x_wconf 77' lang='lat' dir='ltr'><strong>nasonis</strong></span> <span class='ocrx_word' id='word_1_5' title='bbox 1072 331 1078 346; x_wconf 60' lang='grc'><em>’</em></span> 
     </span>
    </p>
   </div>
   <div class='ocr_carea' id='block_1_2' title="bbox 178 506 1227 1216">
    <p class='ocr_par' dir='ltr' id='par_1_2' title="bbox 178 506 1227 1216">
     <span class='ocr_line' id='line_1_2' title="bbox 185 506 1060 616; baseline -0.003 -16"><span class='ocrx_word' id='word_1_6' title='bbox 185 525 368 606; x_wconf 84' lang='lat' dir='ltr'><strong>Caedicus;</strong></span> <span class='ocrx_word' id='word_1_7' title='bbox 388 521 447 594; x_wconf 83' lang='lat' dir='ltr'><strong>ille</strong></span> <span class='ocrx_word' id='word_1_8' title='bbox 467 549 530 592; x_wconf 89' lang='lat' dir='ltr'><strong>sno</strong></span> <span class='ocrx_word' id='word_1_9' title='bbox 545 527 693 594; x_wconf 88' lang='lat' dir='ltr'><strong>moriens</strong></span> <span class='ocrx_word' id='word_1_10' title='bbox 710 506 768 592; x_wconf 76' lang='lat' dir='ltr'><strong>dai</strong></span> <span class='ocrx_word' id='word_1_11' title='bbox 780 527 904 594; x_wconf 84' lang='lat' dir='ltr'><strong>babere</strong></span> <span class='ocrx_word' id='word_1_12' title='bbox 920 530 1060 616; x_wconf 79' lang='lat' dir='ltr'><strong>nepoti3</strong></span> 
     </span>
     <span class='ocr_line' id='line_1_3' title="bbox 182 613 1096 714; baseline -0.002 -30"><span class='ocrx_word' id='word_1_13' title='bbox 182 619 263 685; x_wconf 85' lang='lat' dir='ltr'><strong>Post</strong></span> <span class='ocrx_word' id='word_1_14' title='bbox 273 625 428 681; x_wconf 84' lang='lat' dir='ltr'><strong>mortem</strong></span> <span class='ocrx_word' id='word_1_15' title='bbox 441 613 531 680; x_wconf 91' lang='lat' dir='ltr'><strong>bello</strong></span> <span class='ocrx_word' id='word_1_16' title='bbox 547 615 666 682; x_wconf 79' lang='lat' dir='ltr'><strong>Rutuli</strong></span> <span class='ocrx_word' id='word_1_17' title='bbox 676 635 861 714; x_wconf 84' lang='lat' dir='ltr'><strong>pugnaque</strong></span> <span class='ocrx_word' id='word_1_18' title='bbox 876 615 994 702; x_wconf 85' lang='lat' dir='ltr'><strong>potiti:</strong></span> <span class='ocrx_word' id='word_1_19' title='bbox 1090 617 1096 628; x_wconf 87' lang='lat'>&#39;</span> 
     </span>
     <span class='ocr_line' id='line_1_4' title="bbox 183 699 1214 790; baseline -0.003 -19"><span class='ocrx_word' id='word_1_20' title='bbox 183 703 276 771; x_wconf 85' lang='lat' dir='ltr'><strong>Haec</strong></span> <span class='ocrx_word' id='word_1_21' title='bbox 293 724 333 767; x_wconf 89' lang='lat' dir='ltr'><strong>ra</strong></span> <span class='ocrx_word' id='word_1_22' title='bbox 357 699 400 784; x_wconf 90' lang='lat' dir='ltr'><strong>it,</strong></span> <span class='ocrx_word' id='word_1_23' title='bbox 428 711 530 785; x_wconf 87' lang='lat' dir='ltr'><strong>atque</strong></span> <span class='ocrx_word' id='word_1_24' title='bbox 548 700 702 766; x_wconf 84' lang='lat' dir='ltr'><strong>humens</strong></span> <span class='ocrx_word' id='word_1_25' title='bbox 716 701 944 786; x_wconf 84' lang='lat' dir='ltr'>nequidquam</span> <span class='ocrx_word' id='word_1_26' title='bbox 959 699 1110 766; x_wconf 87' lang='lat' dir='ltr'><strong>fortibus</strong></span> <span class='ocrx_word' id='word_1_27' title='bbox 1124 711 1214 790; x_wconf 82' lang='lat' dir='ltr'><strong>aptat.</strong></span> 
     </span>
     <span class='ocr_line' id='line_1_5' title="bbox 183 717 1227 874; baseline 0.001 -22"><span class='ocrx_word' id='word_1_28' title='bbox 183 791 277 856; x_wconf 88' lang='lat' dir='ltr'><strong>Tum</strong></span> <span class='ocrx_word' id='word_1_29' title='bbox 288 717 419 874; x_wconf 54' lang='lat' dir='ltr'><strong>guidam</strong></span> <span class='ocrx_word' id='word_1_30' title='bbox 431 787 580 872; x_wconf 79' lang='lat' dir='ltr'><strong>Messapi</strong></span> <span class='ocrx_word' id='word_1_31' title='bbox 596 785 742 851; x_wconf 85' lang='lat' dir='ltr'><strong>habilem</strong></span> <span class='ocrx_word' id='word_1_32' title='bbox 758 786 932 872; x_wconf 84' lang='lat' dir='ltr'><strong>cristisque</strong></span> <span class='ocrx_word' id='word_1_33' title='bbox 946 785 1112 853; x_wconf 86' lang='lat' dir='ltr'><strong>decoram</strong></span> <span class='ocrx_word' id='word_1_34' title='bbox 1162 793 1227 858; x_wconf 57' lang='lat'><strong>365.</strong></span> 
     </span>
     <span class='ocr_line' id='line_1_6' title="bbox 181 870 1027 953; baseline -0.005 -11"><span class='ocrx_word' id='word_1_35' title='bbox 181 873 311 942; x_wconf 86' lang='lat' dir='ltr'><strong>Induit.</strong></span> <span class='ocrx_word' id='word_1_36' title='bbox 353 870 532 938; x_wconf 81' lang='lat' dir='ltr'><strong>Excedunt</strong></span> <span class='ocrx_word' id='word_1_37' title='bbox 545 873 659 937; x_wconf 88' lang='lat' dir='ltr'><strong>castris</strong></span> <span class='ocrx_word' id='word_1_38' title='bbox 667 921 677 952; x_wconf 92' lang='lat'><strong>,</strong></span> <span class='ocrx_word' id='word_1_39' title='bbox 701 883 735 936; x_wconf 89' lang='lat' dir='ltr'><strong>et</strong></span> <span class='ocrx_word' id='word_1_40' title='bbox 748 883 822 940; x_wconf 87' lang='lat' dir='ltr'><strong>tuta</strong></span> <span class='ocrx_word' id='word_1_41' title='bbox 836 871 1027 953; x_wconf 82' lang='lat' dir='ltr'><strong>capessunt.</strong></span> 
     </span>
     <span class='ocr_line' id='line_1_7' title="bbox 225 956 1002 1046; baseline -0.006 -20"><span class='ocrx_word' id='word_1_42' title='bbox 225 960 362 1026; x_wconf 77' lang='lat' dir='ltr'><strong>Interea</strong></span> <span class='ocrx_word' id='word_1_43' title='bbox 381 956 557 1046; x_wconf 72' lang='lat' dir='ltr'><strong>praemissi</strong></span> <span class='ocrx_word' id='word_1_44' title='bbox 570 959 697 1043; x_wconf 85' lang='lat' dir='ltr'><strong>equites</strong></span> <span class='ocrx_word' id='word_1_45' title='bbox 715 980 758 1022; x_wconf 85' lang='lat' dir='ltr'><strong>ex</strong></span> <span class='ocrx_word' id='word_1_46' title='bbox 772 958 856 1023; x_wconf 89' lang='lat' dir='ltr'><strong>urbe</strong></span> <span class='ocrx_word' id='word_1_47' title='bbox 872 959 1002 1031; x_wconf 85' lang='lat' dir='ltr'><strong>Latina,</strong></span> 
     </span>
     <span class='ocr_line' id='line_1_8' title="bbox 181 1033 1012 1132; baseline -0.004 -21"><span class='ocrx_word' id='word_1_48' title='bbox 181 1033 304 1111; x_wconf 79' lang='lat' dir='ltr'><strong>Cetera</strong></span> <span class='ocrx_word' id='word_1_49' title='bbox 324 1044 406 1109; x_wconf 90' lang='lat' dir='ltr'><strong>dum</strong></span> <span class='ocrx_word' id='word_1_50' title='bbox 423 1043 510 1132; x_wconf 84' lang='lat' dir='ltr'><strong>legio</strong></span> <span class='ocrx_word' id='word_1_51' title='bbox 525 1043 652 1130; x_wconf 87' lang='lat' dir='ltr'><strong>campis</strong></span> <span class='ocrx_word' id='word_1_52' title='bbox 666 1044 831 1110; x_wconf 83' lang='lat' dir='ltr'><strong>instructa</strong></span> <span class='ocrx_word' id='word_1_53' title='bbox 844 1056 1012 1126; x_wconf 87' lang='lat' dir='ltr'><strong>moratur,</strong></span> 
     </span>
     <span class='ocr_line' id='line_1_9' title="bbox 178 1128 942 1216; baseline -0.001 -21"><span class='ocrx_word' id='word_1_54' title='bbox 178 1131 297 1208; x_wconf 88' lang='lat' dir='ltr'><strong>Ibant,</strong></span> <span class='ocrx_word' id='word_1_55' title='bbox 321 1139 356 1194; x_wconf 88' lang='lat' dir='ltr'><strong>et</strong></span> <span class='ocrx_word' id='word_1_56' title='bbox 373 1129 496 1194; x_wconf 87' lang='lat' dir='ltr'><strong>Turno</strong></span> <span class='ocrx_word' id='word_1_57' title='bbox 508 1129 597 1216; x_wconf 89' lang='lat' dir='ltr'><strong>regis</strong></span> <span class='ocrx_word' id='word_1_58' title='bbox 610 1149 765 1216; x_wconf 87' lang='lat' dir='ltr'><strong>responsa</strong></span> <span class='ocrx_word' id='word_1_59' title='bbox 778 1128 942 1200; x_wconf 81' lang='lat' dir='ltr'><strong>ferebant,</strong></span> 
     </span>
    </p>
   </div>
   <div class='ocr_carea' id='block_1_3' title="bbox 179 1185 1228 1388">
    <p class='ocr_par' dir='ltr' id='par_1_3' title="bbox 179 1185 1229 1548">
     <span class='ocr_line' id='line_1_10' title="bbox 180 1185 1228 1300; baseline -0.003 -18"><span class='ocrx_word' id='word_1_60' title='bbox 180 1219 406 1296; x_wconf 82' lang='lat' dir='ltr'><strong>Tercentum,</strong></span> <span class='ocrx_word' id='word_1_61' title='bbox 427 1225 546 1280; x_wconf 77' lang='lat' dir='ltr'><strong>scutati</strong></span> <span class='ocrx_word' id='word_1_62' title='bbox 559 1235 696 1296; x_wconf 88' lang='lat' dir='ltr'><strong>omnes,</strong></span> <span class='ocrx_word' id='word_1_63' title='bbox 717 1215 897 1280; x_wconf 84' lang='lat' dir='ltr'><strong>Volscente</strong></span> <span class='ocrx_word' id='word_1_64' title='bbox 910 1222 1086 1300; x_wconf 78' lang='lat' dir='ltr'><strong>magistro.</strong></span> <span class='ocrx_word' id='word_1_65' title='bbox 1158 1185 1228 1282; x_wconf 49' lang='lat'><strong>370¹</strong></span> 
     </span>
     <span class='ocr_line' id='line_1_11' title="bbox 179 1297 1138 1388; baseline -0.008 -19"><span class='ocrx_word' id='word_1_66' title='bbox 179 1302 322 1388; x_wconf 88' lang='lat' dir='ltr'><strong>Iamque</strong></span> <span class='ocrx_word' id='word_1_67' title='bbox 343 1298 763 1388; x_wconf 86' lang='lat' dir='ltr'><strong>propinquabantcastris,</strong></span> <span class='ocrx_word' id='word_1_68' title='bbox 785 1321 954 1384; x_wconf 89' lang='lat' dir='ltr'><strong>muroque</strong></span> <span class='ocrx_word' id='word_1_69' title='bbox 967 1297 1138 1378; x_wconf 78' lang='lat' dir='ltr'><strong>subibant,</strong></span> 
     </span>
    </p>
   </div>
   <div class='ocr_carea' id='block_1_4' title="bbox 91 1372 1211 1900">
    <p class='ocr_par' dir='ltr' id='par_1_4' title="bbox 91 1372 1211 1900">
     <span class='ocr_line' id='line_1_12' title="bbox 220 1372 1105 1474; baseline -0.003 -23"><span class='ocrx_word' id='word_1_70' title='bbox 220 1409 304 1451; x_wconf 88' lang='lat' dir='ltr'><strong>uum</strong></span> <span class='ocrx_word' id='word_1_71' title='bbox 318 1386 439 1474; x_wconf 89' lang='lat' dir='ltr'><strong>procul</strong></span> <span class='ocrx_word' id='word_1_72' title='bbox 454 1385 516 1448; x_wconf 92' lang='lat' dir='ltr'><strong>hos</strong></span> <span class='ocrx_word' id='word_1_73' title='bbox 531 1385 628 1448; x_wconf 90' lang='lat' dir='ltr'><strong>laevo</strong></span> <span class='ocrx_word' id='word_1_74' title='bbox 642 1385 806 1450; x_wconf 88' lang='lat' dir='ltr'><strong>flectentis</strong></span> <span class='ocrx_word' id='word_1_75' title='bbox 822 1385 927 1451; x_wconf 88' lang='lat' dir='ltr'><strong>limite</strong></span> <span class='ocrx_word' id='word_1_76' title='bbox 938 1372 1105 1457; x_wconf 71' lang='lat' dir='ltr'><strong>cernuni3</strong></span> 
     </span>
     <span class='ocr_line' id='line_1_13' title="bbox 91 1469 1033 1558; baseline -0.003 -22"><span class='ocrx_word' id='word_1_77' title='bbox 91 1549 93 1554; x_wconf 67' lang='lat'><strong>,</strong></span> <span class='ocrx_word' id='word_1_78' title='bbox 213 1485 229 1536; x_wconf 91' lang='lat' dir='ltr'><strong>t</strong></span> <span class='ocrx_word' id='word_1_79' title='bbox 244 1472 338 1558; x_wconf 88' lang='lat' dir='ltr'><strong>galea</strong></span> <span class='ocrx_word' id='word_1_80' title='bbox 354 1469 541 1558; x_wconf 83' lang='lat' dir='ltr'><strong>Euryalum</strong></span> <span class='ocrx_word' id='word_1_81' title='bbox 557 1469 720 1536; x_wconf 84' lang='lat' dir='ltr'><strong>sublustri</strong></span> <span class='ocrx_word' id='word_1_82' title='bbox 734 1471 841 1536; x_wconf 83' lang='lat' dir='ltr'><strong>noctis</strong></span> <span class='ocrx_word' id='word_1_83' title='bbox 858 1473 894 1535; x_wconf 91' lang='lat' dir='ltr'><strong>iu</strong></span> <span class='ocrx_word' id='word_1_84' title='bbox 907 1470 1033 1535; x_wconf 86' lang='lat' dir='ltr'><strong>umbra</strong></span> 
     </span>
     <span class='ocr_line' id='line_1_14' title="bbox 143 1553 1110 1641; baseline -0.006 -18"><span class='ocrx_word' id='word_1_85' title='bbox 143 1559 153 1569; x_wconf 84' lang='grc'><em>“</em></span> <span class='ocrx_word' id='word_1_86' title='bbox 177 1555 336 1626; x_wconf 83' lang='lat' dir='ltr'><strong>Prodidit</strong></span> <span class='ocrx_word' id='word_1_87' title='bbox 351 1557 595 1632; x_wconf 86' lang='lat' dir='ltr'><strong>inmemorem,</strong></span> <span class='ocrx_word' id='word_1_88' title='bbox 616 1555 788 1641; x_wconf 89' lang='lat' dir='ltr'><strong>radiisque</strong></span> <span class='ocrx_word' id='word_1_89' title='bbox 802 1555 945 1621; x_wconf 88' lang='lat' dir='ltr'><strong>adversa</strong></span> <span class='ocrx_word' id='word_1_90' title='bbox 962 1553 1110 1625; x_wconf 83' lang='lat' dir='ltr'><strong>refulsit.</strong></span> 
     </span>
     <span class='ocr_line' id='line_1_15' title="bbox 94 1637 1211 1796; baseline -0.011 -82"><span class='ocrx_word' id='word_1_91' title='bbox 94 1637 98 1646; x_wconf 68' lang='grc'>’</span> <span class='ocrx_word' id='word_1_92' title='bbox 157 1722 160 1730; x_wconf 20' lang='lat' dir='ltr'>y</span> <span class='ocrx_word' id='word_1_93' title='bbox 180 1643 281 1714; x_wconf 82' lang='lat' dir='ltr'><strong>Haud</strong></span> <span class='ocrx_word' id='word_1_94' title='bbox 309 1653 441 1708; x_wconf 87' lang='lat' dir='ltr'><strong>temere</strong></span> <span class='ocrx_word' id='word_1_95' title='bbox 462 1651 511 1708; x_wconf 89' lang='lat' dir='ltr'><strong>est</strong></span> <span class='ocrx_word' id='word_1_96' title='bbox 531 1639 654 1706; x_wconf 86' lang='lat' dir='ltr'><strong>visum.</strong></span> <span class='ocrx_word' id='word_1_97' title='bbox 699 1643 897 1710; x_wconf 82' lang='lat' dir='ltr'><strong>Conclamat</strong></span> <span class='ocrx_word' id='word_1_98' title='bbox 917 1641 960 1706; x_wconf 88' lang='lat' dir='ltr'><strong>ab</strong></span> <span class='ocrx_word' id='word_1_99' title='bbox 982 1639 1120 1728; x_wconf 87' lang='lat' dir='ltr'><strong>agmine</strong></span> <span class='ocrx_word' id='word_1_100' title='bbox 1140 1639 1211 1796; x_wconf 44' lang='lat' dir='ltr'><strong>Veli</strong></span> 
     </span>
     <span class='ocr_line' id='line_1_16' title="bbox 175 1733 1193 1900; baseline -0.009 -16"><span class='ocrx_word' id='word_1_101' title='bbox 175 1811 273 1884; x_wconf 79' lang='lat' dir='ltr'><strong>State</strong></span> <span class='ocrx_word' id='word_1_102' title='bbox 288 1809 372 1890; x_wconf 68' lang='lat' dir='ltr'><strong>viris</strong></span> <span class='ocrx_word' id='word_1_103' title='bbox 395 1833 482 1900; x_wconf 86' lang='lat' dir='ltr'><strong>quae</strong></span> <span class='ocrx_word' id='word_1_104' title='bbox 494 1832 595 1878; x_wconf 87' lang='lat' dir='ltr'><strong>causa</strong></span> <span class='ocrx_word' id='word_1_105' title='bbox 609 1809 709 1878; x_wconf 79' lang='lat' dir='ltr'><strong>viae?</strong></span> <span class='ocrx_word' id='word_1_106' title='bbox 723 1749 931 1899; x_wconf 53' lang='lat' dir='ltr'><strong>&#39;quiddegsstis</strong></span> <span class='ocrx_word' id='word_1_107' title='bbox 943 1813 981 1878; x_wconf 90' lang='lat' dir='ltr'><strong>in</strong></span> <span class='ocrx_word' id='word_1_108' title='bbox 998 1809 1130 1878; x_wconf 78' lang='lat' dir='ltr'><strong>armis?</strong></span> <span class='ocrx_word' id='word_1_109' title='bbox 1158 1733 1193 1796; x_wconf 46' lang='grc' dir='ltr'><strong>δῖ</strong></span> 
     </span>
    </p>
   </div>
   <div class='ocr_carea' id='block_1_5' title="bbox 174 2055 1210 2204">
    <p class='ocr_par' dir='ltr' id='par_1_5' title="bbox 174 2055 1210 2204">
     <span class='ocr_line' id='line_1_17' title="bbox 176 2055 1210 2134; baseline -0.004 -14"><span class='ocrx_word' id='word_1_110' title='bbox 176 2064 257 2120; x_wconf 85' lang='lat' dir='ltr'><strong>ducit</strong></span> <span class='ocrx_word' id='word_1_111' title='bbox 277 2063 362 2118; x_wconf 83' lang='lat' dir='ltr'><strong>Silius</strong></span> <span class='ocrx_word' id='word_1_112' title='bbox 383 2063 455 2132; x_wconf 78' lang='lat' dir='ltr'><strong>XV,</strong></span> <span class='ocrx_word' id='word_1_113' title='bbox 477 2075 537 2131; x_wconf 81' lang='lat'><strong>255.</strong></span> <span class='ocrx_word' id='word_1_114' title='bbox 557 2055 678 2131; x_wconf 70' lang='lat' dir='ltr'><strong>pislerio</strong></span> <span class='ocrx_word' id='word_1_115' title='bbox 718 2078 799 2132; x_wconf 87' lang='lat' dir='ltr'><strong>rum,</strong></span> <span class='ocrx_word' id='word_1_116' title='bbox 825 2063 947 2134; x_wconf 74' lang='lat' dir='ltr'><strong>quaein</strong></span> <span class='ocrx_word' id='word_1_117' title='bbox 965 2063 1037 2118; x_wconf 83' lang='lat' dir='ltr'><strong>urbe</strong></span> <span class='ocrx_word' id='word_1_118' title='bbox 1047 2066 1210 2118; x_wconf 83' lang='lat' dir='ltr'><strong>Laurentum</strong></span> 
     </span>
     <span class='ocr_line' id='line_1_18' title="bbox 174 2132 1210 2204; baseline -0.002 -18"><span class='ocrx_word' id='word_1_119' title='bbox 174 2137 220 2186; x_wconf 77' lang='lat' dir='ltr'><strong>bie</strong></span> <span class='ocrx_word' id='word_1_120' title='bbox 231 2134 453 2204; x_wconf 76' lang='lat' dir='ltr'><strong>paetercjblget.</strong></span> <span class='ocrx_word' id='word_1_121' title='bbox 486 2135 532 2184; x_wconf 87' lang='lat' dir='ltr'><strong>Ita</strong></span> <span class='ocrx_word' id='word_1_122' title='bbox 545 2132 678 2202; x_wconf 83' lang='lat' dir='ltr'><strong>phalerae</strong></span> <span class='ocrx_word' id='word_1_123' title='bbox 719 2136 904 2204; x_wconf 81' lang='lat' dir='ltr'><strong>cogebantur,</strong></span> <span class='ocrx_word' id='word_1_124' title='bbox 922 2135 1060 2186; x_wconf 88' lang='lat' dir='ltr'><strong>adventus</strong></span> <span class='ocrx_word' id='word_1_125' title='bbox 1084 2135 1210 2188; x_wconf 83' lang='lat' dir='ltr'><strong>eccelera-</strong></span> 
     </span>
    </p>
   </div>
   <div class='ocr_carea' id='block_1_6' title="bbox 70 2202 1208 2274">
    <p class='ocr_par' dir='ltr' id='par_1_6' title="bbox 70 2202 1208 2274">
     <span class='ocr_line' id='line_1_19' title="bbox 70 2202 1208 2274; baseline -0.004 -16"><span class='ocrx_word' id='word_1_126' title='bbox 70 2253 72 2258; x_wconf 93' lang='lat'><strong>.</strong></span> <span class='ocrx_word' id='word_1_127' title='bbox 174 2219 236 2256; x_wconf 87' lang='lat' dir='ltr'><strong>esse</strong></span> <span class='ocrx_word' id='word_1_128' title='bbox 256 2211 375 2272; x_wconf 86' lang='lat' dir='ltr'><strong>potuere</strong></span> <span class='ocrx_word' id='word_1_129' title='bbox 394 2210 427 2253; x_wconf 80' lang='lat' dir='ltr'><strong>et·</strong></span> <span class='ocrx_word' id='word_1_130' title='bbox 444 2202 508 2272; x_wconf 88' lang='lat' dir='ltr'><strong>eqni</strong></span> <span class='ocrx_word' id='word_1_131' title='bbox 521 2211 550 2253; x_wconf 87' lang='lat' dir='ltr'><strong>et</strong></span> <span class='ocrx_word' id='word_1_132' title='bbox 563 2203 677 2272; x_wconf 87' lang='lat' dir='ltr'><strong>equitis.</strong></span> <span class='ocrx_word' id='word_1_133' title='bbox 718 2204 1059 2256; x_wconf 75' lang='lat' dir='ltr'><strong>retusiusserst‘l&#39;urnus:</strong></span> <span class='ocrx_word' id='word_1_134' title='bbox 1075 2205 1208 2274; x_wconf 85' lang='lat' dir='ltr'><strong>quaedum</strong></span> 
     </span>
    </p>
   </div>
   <div class='ocr_carea' id='block_1_7' title="bbox 174 2269 1210 2342">
    <p class='ocr_par' dir='ltr' id='par_1_7' title="bbox 174 2269 1210 2342">
     <span class='ocr_line' id='line_1_20' title="bbox 174 2269 1210 2342; baseline -0.002 -17"><span class='ocrx_word' id='word_1_135' title='bbox 174 2273 336 2325; x_wconf 82' lang='lat' dir='ltr'><strong>Remulum·</strong></span> <span class='ocrx_word' id='word_1_136' title='bbox 354 2273 487 2322; x_wconf 67' lang='lat' dir='ltr'><strong>Titanum</strong></span> <span class='ocrx_word' id='word_1_137' title='bbox 503 2269 603 2323; x_wconf 57' lang='lat' dir='ltr'><strong>»dicere</strong></span> <span class='ocrx_word' id='word_1_138' title='bbox 616 2289 677 2324; x_wconf 85' lang='lat' dir='ltr'><strong>ms·</strong></span> <span class='ocrx_word' id='word_1_139' title='bbox 717 2273 911 2337; x_wconf 87' lang='lat' dir='ltr'><strong>instruuntur,</strong></span> <span class='ocrx_word' id='word_1_140' title='bbox 929 2271 1152 2342; x_wconf 81' lang='lat' dir='ltr'><strong>praemittuntur</strong></span> <span class='ocrx_word' id='word_1_141' title='bbox 1162 2283 1210 2324; x_wconf 84' lang='lat' dir='ltr'><strong>tre·</strong></span> 
     </span>
    </p>
   </div>
   <div class='ocr_carea' id='block_1_8' title="bbox 73 2337 1231 2414">
    <p class='ocr_par' dir='ltr' id='par_1_8' title="bbox 73 2337 1231 2414">
     <span class='ocr_line' id='line_1_21' title="bbox 73 2337 1231 2414; baseline 0 -20"><span class='ocrx_word' id='word_1_142' title='bbox 73 2371 76 2376; x_wconf 93' lang='lat'>·</span> <span class='ocrx_word' id='word_1_143' title='bbox 173 2341 242 2408; x_wconf 89' lang='lat' dir='ltr'><strong>lim,</strong></span> <span class='ocrx_word' id='word_1_144' title='bbox 263 2357 347 2411; x_wconf 86' lang='lat' dir='ltr'><strong>quam</strong></span> <span class='ocrx_word' id='word_1_145' title='bbox 363 2341 471 2390; x_wconf 79' lang='lat' dir='ltr'><strong>Tiburti</strong></span> <span class='ocrx_word' id='word_1_146' title='bbox 473 2339 578 2410; x_wconf 80' lang='lat' dir='ltr'><strong>filium.</strong></span> <span class='ocrx_word' id='word_1_147' title='bbox 603 2341 677 2393; x_wconf 80' lang='lat' dir='ltr'><strong>Mox</strong></span> <span class='ocrx_word' id='word_1_148' title='bbox 718 2343 917 2414; x_wconf 83' lang='lat' dir='ltr'><strong>centiequites.</strong></span> <span class='ocrx_word' id='word_1_149' title='bbox 932 2337 1231 2414; x_wconf 66' lang='lat' dir='ltr'><strong>Inhosipsos3adcs·&#39;</strong></span> 
     </span>
    </p>
   </div>
   <div class='ocr_carea' id='block_1_9' title="bbox 152 2409 1208 3241">
    <p class='ocr_par' dir='ltr' id='par_1_9' title="bbox 152 2409 1208 3241">
     <span class='ocr_line' id='line_1_22' title="bbox 173 2409 1208 2482; baseline -0.002 -18"><span class='ocrx_word' id='word_1_150' title='bbox 173 2410 303 2464; x_wconf 83' lang='lat' dir='ltr'><strong>balteum</strong></span> <span class='ocrx_word' id='word_1_151' title='bbox 321 2409 373 2462; x_wconf 88' lang='lat' dir='ltr'><strong>int.</strong></span> <span class='ocrx_word' id='word_1_152' title='bbox 389 2410 482 2461; x_wconf 83' lang='lat' dir='ltr'><strong>aureis</strong></span> <span class='ocrx_word' id='word_1_153' title='bbox 503 2409 589 2462; x_wconf 86' lang='lat' dir='ltr'><strong>clavis</strong></span> <span class='ocrx_word' id='word_1_154' title='bbox 607 2410 676 2462; x_wconf 87' lang='lat' dir='ltr'><strong>insi·</strong></span> <span class='ocrx_word' id='word_1_155' title='bbox 717 2422 775 2466; x_wconf 87' lang='lat' dir='ltr'><strong>stra</strong></span> <span class='ocrx_word' id='word_1_156' title='bbox 788 2411 1065 2482; x_wconf 85' lang='lat' dir='ltr'><strong>appropinquantes,</strong></span> <span class='ocrx_word' id='word_1_157' title='bbox 1089 2411 1208 2464; x_wconf 86' lang='lat' dir='ltr'><strong>incidunt</strong></span> 
     </span>
     <span class='ocr_line' id='line_1_23' title="bbox 174 2473 1204 2552; baseline 0 -22"><span class='ocrx_word' id='word_1_158' title='bbox 174 2479 304 2552; x_wconf 79' lang='lat' dir='ltr'><strong>gnitum,</strong></span> <span class='ocrx_word' id='word_1_159' title='bbox 331 2473 514 2550; x_wconf 49' lang='grc' dir='ltr'><strong>χρυσόηλονεἸ</strong></span> <span class='ocrx_word' id='word_1_160' title='bbox 528 2489 613 2550; x_wconf 81' lang='lat' dir='ltr'><strong>quem</strong></span> <span class='ocrx_word' id='word_1_161' title='bbox 630 2497 675 2533; x_wconf 88' lang='lat' dir='ltr'><strong>or·</strong></span> <span class='ocrx_word' id='word_1_162' title='bbox 717 2482 815 2534; x_wconf 86' lang='lat' dir='ltr'><strong>miseri</strong></span> <span class='ocrx_word' id='word_1_163' title='bbox 826 2481 911 2534; x_wconf 83' lang='lat' dir='ltr'><strong>Nisus</strong></span> <span class='ocrx_word' id='word_1_164' title='bbox 925 2483 1204 2552; x_wconf 52' lang='lat' dir='ltr'><strong>&amp;Euryalus-371</strong></span> 
     </span>
     <span class='ocr_line' id='line_1_24' title="bbox 172 2547 1207 2621; baseline 0 -22"><span class='ocrx_word' id='word_1_165' title='bbox 172 2559 224 2602; x_wconf 84' lang='lat' dir='ltr'><strong>nat</strong></span> <span class='ocrx_word' id='word_1_166' title='bbox 236 2547 357 2601; x_wconf 85' lang='lat' dir='ltr'><strong>Homeri</strong></span> <span class='ocrx_word' id='word_1_167' title='bbox 367 2547 506 2617; x_wconf 80' lang='lat' dir='ltr'><strong>exemplo,</strong></span> <span class='ocrx_word' id='word_1_168' title='bbox 519 2565 544 2598; x_wconf 83' lang='lat' dir='ltr'><strong>v.</strong></span> <span class='ocrx_word' id='word_1_169' title='bbox 554 2567 578 2602; x_wconf 91' lang='lat' dir='ltr'><strong>c.</strong></span> <span class='ocrx_word' id='word_1_170' title='bbox 589 2549 672 2602; x_wconf 86' lang='lat' dir='ltr'><strong>lliad.</strong></span> <span class='ocrx_word' id='word_1_171' title='bbox 718 2569 855 2620; x_wconf 83' lang='lat' dir='ltr'><strong>murosque</strong></span> <span class='ocrx_word' id='word_1_172' title='bbox 882 2553 1022 2620; x_wconf 78' lang='lat' dir='ltr'><strong>subibant,</strong></span> <span class='ocrx_word' id='word_1_173' title='bbox 1060 2551 1207 2621; x_wconf 71' lang='lat' dir='ltr'><strong>quosnam?</strong></span> 
     </span>
     <span class='ocr_line' id='line_1_25' title="bbox 171 2617 1206 2738; baseline -0.004 -64"><span class='ocrx_word' id='word_1_174' title='bbox 171 2633 206 2688; x_wconf 86' lang='lat' dir='ltr'><strong>tt,</strong></span> <span class='ocrx_word' id='word_1_175' title='bbox 229 2617 282 2670; x_wconf 82' lang='lat'><strong>266</strong></span> <span class='ocrx_word' id='word_1_176' title='bbox 294 2635 354 2738; x_wconf 86' lang='lat' dir='ltr'><strong>sqq.</strong></span> <span class='ocrx_word' id='word_1_177' title='bbox 391 2618 507 2670; x_wconf 83' lang='lat' dir='ltr'><strong>Balteus</strong></span> <span class='ocrx_word' id='word_1_178' title='bbox 530 2617 580 2670; x_wconf 90' lang='lat' dir='ltr'><strong>ille</strong></span> <span class='ocrx_word' id='word_1_179' title='bbox 604 2618 675 2671; x_wconf 86' lang='lat' dir='ltr'><strong>olim</strong></span> <span class='ocrx_word' id='word_1_180' title='bbox 715 2619 964 2672; x_wconf 81' lang='lat' dir='ltr'><strong>Troianorumnc?</strong></span> <span class='ocrx_word' id='word_1_181' title='bbox 982 2620 1040 2672; x_wconf 93' lang='lat' dir='ltr'><strong>boc</strong></span> <span class='ocrx_word' id='word_1_182' title='bbox 1053 2629 1099 2672; x_wconf 87' lang='lat' dir='ltr'><strong>est</strong></span> <span class='ocrx_word' id='word_1_183' title='bbox 1111 2621 1206 2672; x_wconf 81' lang='lat' dir='ltr'><strong>vellum</strong></span> 
     </span>
     <span class='ocr_line' id='line_1_26' title="bbox 172 2685 1206 2758; baseline -0.002 -17"><span class='ocrx_word' id='word_1_184' title='bbox 172 2687 288 2742; x_wconf 81' lang='lat' dir='ltr'><strong>Caedici</strong></span> <span class='ocrx_word' id='word_1_185' title='bbox 325 2695 421 2752; x_wconf 87' lang='lat' dir='ltr'><strong>uerat,</strong></span> <span class='ocrx_word' id='word_1_186' title='bbox 447 2685 496 2756; x_wconf 89' lang='lat' dir='ltr'><strong>qui</strong></span> <span class='ocrx_word' id='word_1_187' title='bbox 516 2702 580 2738; x_wconf 87' lang='lat' dir='ltr'><strong>eum</strong></span> <span class='ocrx_word' id='word_1_188' title='bbox 595 2686 676 2737; x_wconf 87' lang='lat' dir='ltr'><strong>misit</strong></span> <span class='ocrx_word' id='word_1_189' title='bbox 717 2697 745 2740; x_wconf 90' lang='lat' dir='ltr'><strong>et</strong></span> <span class='ocrx_word' id='word_1_190' title='bbox 759 2697 866 2755; x_wconf 84' lang='lat' dir='ltr'><strong>castra,</strong></span> <span class='ocrx_word' id='word_1_191' title='bbox 894 2705 965 2758; x_wconf 73' lang='lat' dir='ltr'><strong>quiae</strong></span> <span class='ocrx_word' id='word_1_192' title='bbox 978 2689 1146 2742; x_wconf 88' lang='lat' dir='ltr'><strong>obsidebant</strong></span> <span class='ocrx_word' id='word_1_193' title='bbox 1158 2689 1206 2739; x_wconf 83' lang='lat' dir='ltr'><strong>ltu-</strong></span> 
     </span>
     <span class='ocr_line' id='line_1_27' title="bbox 170 2754 1205 2828; baseline -0.004 -17"><span class='ocrx_word' id='word_1_194' title='bbox 170 2757 305 2820; x_wconf 78' lang='lat' dir='ltr'><strong>Remulo,</strong></span> <span class='ocrx_word' id='word_1_195' title='bbox 317 2755 470 2810; x_wconf 81' lang='lat' dir='ltr'><strong>Tiburtino</strong></span> <span class='ocrx_word' id='word_1_196' title='bbox 482 2754 604 2820; x_wconf 87' lang='lat' dir='ltr'><strong>bomini,</strong></span> <span class='ocrx_word' id='word_1_197' title='bbox 622 2755 674 2807; x_wconf 86' lang='lat' dir='ltr'><strong>bo·</strong></span> <span class='ocrx_word' id='word_1_198' title='bbox 716 2758 786 2809; x_wconf 90' lang='lat' dir='ltr'><strong>tuli:</strong></span> <span class='ocrx_word' id='word_1_199' title='bbox 812 2757 892 2826; x_wconf 85' lang='lat' dir='ltr'><strong>atqui</strong></span> <span class='ocrx_word' id='word_1_200' title='bbox 906 2775 938 2809; x_wconf 86' lang='lat' dir='ltr'><strong>es</strong></span> <span class='ocrx_word' id='word_1_201' title='bbox 950 2774 1010 2810; x_wconf 89' lang='lat' dir='ltr'><strong>non</strong></span> <span class='ocrx_word' id='word_1_202' title='bbox 1024 2758 1137 2828; x_wconf 78' lang='lat' dir='ltr'><strong>ingredi</strong></span> <span class='ocrx_word' id='word_1_203' title='bbox 1149 2766 1205 2826; x_wconf 85' lang='lat' dir='ltr'><strong>pot-</strong></span> 
     </span>
     <span class='ocr_line' id='line_1_28' title="bbox 152 2819 1206 2898; baseline -0.004 -18"><span class='ocrx_word' id='word_1_204' title='bbox 152 2826 275 2898; x_wconf 64' lang='lat' dir='ltr'><strong>spitale</strong></span> <span class='ocrx_word' id='word_1_205' title='bbox 287 2839 399 2892; x_wconf 87' lang='lat' dir='ltr'><strong>munus,</strong></span> <span class='ocrx_word' id='word_1_206' title='bbox 418 2819 549 2893; x_wconf 78' lang='grc' dir='ltr'><strong><em>ξεινήϊον.</em></strong></span> <span class='ocrx_word' id='word_1_207' title='bbox 568 2825 674 2878; x_wconf 86' lang='lat' dir='ltr'><strong>Remu·</strong></span> <span class='ocrx_word' id='word_1_208' title='bbox 716 2833 799 2878; x_wconf 88' lang='lat' dir='ltr'><strong>erant</strong></span> <span class='ocrx_word' id='word_1_209' title='bbox 813 2825 922 2896; x_wconf 85' lang='lat' dir='ltr'><strong>equites</strong></span> <span class='ocrx_word' id='word_1_210' title='bbox 936 2827 1041 2880; x_wconf 67' lang='lat' dir='ltr'><strong>Latini.</strong></span> <span class='ocrx_word' id='word_1_211' title='bbox 1069 2831 1113 2880; x_wconf 82' lang='lat' dir='ltr'><strong>An</strong></span> <span class='ocrx_word' id='word_1_212' title='bbox 1126 2828 1206 2879; x_wconf 84' lang='lat' dir='ltr'><strong>Rutu·</strong></span> 
     </span>
     <span class='ocr_line' id='line_1_29' title="bbox 170 2893 1203 2966; baseline -0.003 -16"><span class='ocrx_word' id='word_1_213' title='bbox 170 2897 217 2950; x_wconf 89' lang='lat' dir='ltr'><strong>lus</strong></span> <span class='ocrx_word' id='word_1_214' title='bbox 229 2897 355 2960; x_wconf 82' lang='lat' dir='ltr'><strong>moriens</strong></span> <span class='ocrx_word' id='word_1_215' title='bbox 366 2895 465 2966; x_wconf 87' lang='lat' dir='ltr'><strong>nepoti</strong></span> <span class='ocrx_word' id='word_1_216' title='bbox 472 2893 602 2964; x_wconf 88' lang='lat' dir='ltr'><strong>reliquit;</strong></span> <span class='ocrx_word' id='word_1_217' title='bbox 615 2911 672 2966; x_wconf 90' lang='lat' dir='ltr'><strong>quo</strong></span> <span class='ocrx_word' id='word_1_218' title='bbox 715 2895 831 2948; x_wconf 77' lang='lat' dir='ltr'><strong>lorum?</strong></span> <span class='ocrx_word' id='word_1_219' title='bbox 854 2897 917 2966; x_wconf 87' lang='lat' dir='ltr'><strong>Hoc</strong></span> <span class='ocrx_word' id='word_1_220' title='bbox 934 2908 1000 2948; x_wconf 83' lang='lat' dir='ltr'><strong>sane</strong></span> <span class='ocrx_word' id='word_1_221' title='bbox 1011 2897 1129 2964; x_wconf 85' lang='lat' dir='ltr'><strong>melius,</strong></span> <span class='ocrx_word' id='word_1_222' title='bbox 1146 2911 1203 2947; x_wconf 87' lang='lat' dir='ltr'><strong>cum</strong></span> 
     </span>
     <span class='ocr_line' id='line_1_30' title="bbox 170 2962 1204 3037; baseline -0.006 -17"><span class='ocrx_word' id='word_1_223' title='bbox 170 2968 202 3020; x_wconf 90' lang='lat' dir='ltr'><strong>in</strong></span> <span class='ocrx_word' id='word_1_224' title='bbox 217 2975 313 3036; x_wconf 75' lang='lat' dir='ltr'><strong>pugna</strong></span> <span class='ocrx_word' id='word_1_225' title='bbox 327 2981 425 3032; x_wconf 85' lang='lat' dir='ltr'><strong>caeso,</strong></span> <span class='ocrx_word' id='word_1_226' title='bbox 441 2963 537 3016; x_wconf 85' lang='lat' dir='ltr'><strong>balteo</strong></span> <span class='ocrx_word' id='word_1_227' title='bbox 552 2962 603 3015; x_wconf 90' lang='lat' dir='ltr'><strong>illo</strong></span> <span class='ocrx_word' id='word_1_228' title='bbox 621 2981 672 3033; x_wconf 86' lang='lat' dir='ltr'><strong>po·</strong></span> <span class='ocrx_word' id='word_1_229' title='bbox 716 2964 751 3016; x_wconf 92' lang='lat' dir='ltr'><strong>de</strong></span> <span class='ocrx_word' id='word_1_230' title='bbox 765 2965 856 3036; x_wconf 87' lang='lat' dir='ltr'><strong>copiis</strong></span> <span class='ocrx_word' id='word_1_231' title='bbox 868 2974 935 3036; x_wconf 81' lang='lat' dir='ltr'><strong>aget</strong></span> <span class='ocrx_word' id='word_1_232' title='bbox 949 2968 1047 3034; x_wconf 74' lang='lat' dir='ltr'><strong>potita,</strong></span> <span class='ocrx_word' id='word_1_233' title='bbox 1066 2983 1144 3037; x_wconf 84' lang='lat' dir='ltr'><strong>quae,</strong></span> <span class='ocrx_word' id='word_1_234' title='bbox 1155 2966 1204 3016; x_wconf 85' lang='lat' dir='ltr'><strong>Ru·</strong></span> 
     </span>
     <span class='ocr_line' id='line_1_31' title="bbox 171 3031 1202 3102; baseline -0.003 -14"><span class='ocrx_word' id='word_1_235' title='bbox 171 3035 218 3088; x_wconf 86' lang='lat' dir='ltr'><strong>titi</strong></span> <span class='ocrx_word' id='word_1_236' title='bbox 225 3033 334 3102; x_wconf 81' lang='lat' dir='ltr'><strong>Rutuli,</strong></span> <span class='ocrx_word' id='word_1_237' title='bbox 350 3033 396 3085; x_wconf 87' lang='lat' dir='ltr'><strong>vel</strong></span> <span class='ocrx_word' id='word_1_238' title='bbox 407 3033 436 3085; x_wconf 88' lang='lat' dir='ltr'><strong>in</strong></span> <span class='ocrx_word' id='word_1_239' title='bbox 451 3031 571 3102; x_wconf 83' lang='lat' dir='ltr'><strong>praedae</strong></span> <span class='ocrx_word' id='word_1_240' title='bbox 584 3043 672 3102; x_wconf 84' lang='lat' dir='ltr'><strong>parte,</strong></span> <span class='ocrx_word' id='word_1_241' title='bbox 713 3033 782 3086; x_wconf 86' lang='lat' dir='ltr'><strong>tulis</strong></span> <span class='ocrx_word' id='word_1_242' title='bbox 792 3034 1015 3101; x_wconf 83' lang='lat' dir='ltr'><strong>auxiliemissae,</strong></span> <span class='ocrx_word' id='word_1_243' title='bbox 1030 3037 1202 3098; x_wconf 87' lang='lat' dir='ltr'><strong>Rutulorum,</strong></span> 
     </span>
     <span class='ocr_line' id='line_1_32' title="bbox 171 3099 1202 3174; baseline -0.004 -16"><span class='ocrx_word' id='word_1_244' title='bbox 171 3105 217 3158; x_wconf 83' lang='lat' dir='ltr'><strong>rel</strong></span> <span class='ocrx_word' id='word_1_245' title='bbox 231 3099 422 3174; x_wconf 75' lang='lat' dir='ltr'><strong>trtdusussiov,</strong></span> <span class='ocrx_word' id='word_1_246' title='bbox 436 3103 560 3161; x_wconf 85' lang='lat' dir='ltr'><strong>balteum</strong></span> <span class='ocrx_word' id='word_1_247' title='bbox 568 3102 675 3155; x_wconf 84' lang='lat' dir='ltr'><strong>Rham·</strong></span> <span class='ocrx_word' id='word_1_248' title='bbox 714 3119 775 3156; x_wconf 87' lang='lat' dir='ltr'><strong>uon</strong></span> <span class='ocrx_word' id='word_1_249' title='bbox 782 3105 984 3170; x_wconf 77' lang='lat' dir='ltr'><strong>Troianorum,</strong></span> <span class='ocrx_word' id='word_1_250' title='bbox 1004 3115 1096 3157; x_wconf 85' lang='lat' dir='ltr'><strong>castra</strong></span> <span class='ocrx_word' id='word_1_251' title='bbox 1106 3105 1202 3173; x_wconf 87' lang='lat' dir='ltr'><strong>ingres·</strong></span> 
     </span>
     <span class='ocr_line' id='line_1_33' title="bbox 171 3172 1202 3241; baseline -0.003 -14"><span class='ocrx_word' id='word_1_252' title='bbox 171 3173 234 3228; x_wconf 87' lang='lat' dir='ltr'><strong>neti</strong></span> <span class='ocrx_word' id='word_1_253' title='bbox 262 3173 407 3226; x_wconf 83' lang='lat' dir='ltr'><strong>dederent.</strong></span> <span class='ocrx_word' id='word_1_254' title='bbox 444 3174 474 3226; x_wconf 88' lang='lat' dir='ltr'><strong>Si</strong></span> <span class='ocrx_word' id='word_1_255' title='bbox 496 3172 537 3224; x_wconf 88' lang='lat' dir='ltr'><strong>ita</strong></span> <span class='ocrx_word' id='word_1_256' title='bbox 561 3172 674 3241; x_wconf 84' lang='lat' dir='ltr'><strong>singula</strong></span> <span class='ocrx_word' id='word_1_257' title='bbox 714 3190 797 3226; x_wconf 85' lang='lat' dir='ltr'><strong>surae</strong></span> <span class='ocrx_word' id='word_1_258' title='bbox 817 3181 893 3226; x_wconf 87' lang='lat' dir='ltr'><strong>sunt.</strong></span> <span class='ocrx_word' id='word_1_259' title='bbox 929 3175 1081 3229; x_wconf 85' lang='lat' dir='ltr'><strong>Enimvero</strong></span> <span class='ocrx_word' id='word_1_260' title='bbox 1093 3173 1202 3228; x_wconf 79' lang='lat' dir='ltr'><strong>Rutulo-</strong></span> 
     </span>
    </p>
   </div>
   <div class='ocr_carea' id='block_1_10' title="bbox 67 3241 1199 3310">
    <p class='ocr_par' dir='ltr' id='par_1_10' title="bbox 67 3241 1199 3310">
     <span class='ocr_line' id='line_1_34' title="bbox 67 3241 1199 3310; baseline -0.004 -14"><span class='ocrx_word' id='word_1_261' title='bbox 67 3297 74 3304; x_wconf 78' lang='grc'><strong>,</strong></span> <span class='ocrx_word' id='word_1_262' title='bbox 172 3244 329 3296; x_wconf 81' lang='lat' dir='ltr'><strong>constitues</strong></span> <span class='ocrx_word' id='word_1_263' title='bbox 343 3281 351 3309; x_wconf 97' lang='lat'><strong>,</strong></span> <span class='ocrx_word' id='word_1_264' title='bbox 365 3242 447 3296; x_wconf 85' lang='lat' dir='ltr'><strong>,vides</strong></span> <span class='ocrx_word' id='word_1_265' title='bbox 465 3241 572 3293; x_wconf 85' lang='lat' dir='ltr'><strong>frustra</strong></span> <span class='ocrx_word' id='word_1_266' title='bbox 585 3241 672 3310; x_wconf 88' lang='lat' dir='ltr'><strong>trepi·</strong></span> <span class='ocrx_word' id='word_1_267' title='bbox 713 3259 779 3295; x_wconf 90' lang='lat' dir='ltr'><strong>rum</strong></span> <span class='ocrx_word' id='word_1_268' title='bbox 801 3249 895 3296; x_wconf 75' lang='lat' dir='ltr'><strong>eastra</strong></span> <span class='ocrx_word' id='word_1_269' title='bbox 910 3255 990 3296; x_wconf 87' lang='lat' dir='ltr'><strong>erant</strong></span> <span class='ocrx_word' id='word_1_270' title='bbox 1013 3244 1107 3309; x_wconf 86' lang='lat' dir='ltr'><strong>nulla;</strong></span> <span class='ocrx_word' id='word_1_271' title='bbox 1136 3241 1162 3294; x_wconf 88' lang='lat' dir='ltr'><strong>b.</strong></span> <span class='ocrx_word' id='word_1_272' title='bbox 1179 3257 1199 3292; x_wconf 85' lang='lat' dir='ltr'><strong>e.</strong></span> 
     </span>
    </p>
   </div>
   <div class='ocr_carea' id='block_1_11' title="bbox 113 3309 1201 4404">
    <p class='ocr_par' dir='ltr' id='par_1_11' title="bbox 113 3309 1201 3938">
     <span class='ocr_line' id='line_1_35' title="bbox 173 3309 1200 3384; baseline 0.002 -20"><span class='ocrx_word' id='word_1_273' title='bbox 173 3311 254 3364; x_wconf 78' lang='lat' dir='ltr'><strong>desse</strong></span> <span class='ocrx_word' id='word_1_274' title='bbox 267 3311 435 3381; x_wconf 85' lang='lat' dir='ltr'><strong>interpretes</strong></span> <span class='ocrx_word' id='word_1_275' title='bbox 447 3321 606 3363; x_wconf 78' lang='lat' dir='ltr'><strong>veteres-</strong></span> <span class='ocrx_word' id='word_1_276' title='bbox 620 3311 672 3378; x_wconf 76' lang='lat'><strong>362</strong></span> <span class='ocrx_word' id='word_1_277' title='bbox 713 3309 775 3364; x_wconf 77' lang='lat' dir='ltr'><strong>nec&#39;</strong></span> <span class='ocrx_word' id='word_1_278' title='bbox 790 3313 894 3365; x_wconf 82' lang='lat' dir='ltr'><strong>vallum</strong></span> <span class='ocrx_word' id='word_1_279' title='bbox 918 3329 971 3364; x_wconf 89' lang='lat' dir='ltr'><strong>nec</strong></span> <span class='ocrx_word' id='word_1_280' title='bbox 990 3329 1094 3384; x_wconf 84' lang='lat' dir='ltr'><strong>agger,</strong></span> <span class='ocrx_word' id='word_1_281' title='bbox 1117 3325 1200 3366; x_wconf 81' lang='lat' dir='ltr'><strong>serum</strong></span> 
     </span>
     <span class='ocr_line' id='line_1_36' title="bbox 172 3377 1201 3452; baseline -0.004 -16"><span class='ocrx_word' id='word_1_282' title='bbox 172 3381 263 3436; x_wconf 68' lang='lat' dir='ltr'><strong>dunen</strong></span> <span class='ocrx_word' id='word_1_283' title='bbox 275 3377 353 3449; x_wconf 77' lang='grc' dir='ltr'><strong><em>ἔχειν.</em></strong></span> <span class='ocrx_word' id='word_1_284' title='bbox 363 3381 438 3436; x_wconf 75' lang='lat' dir='ltr'><strong>suns</strong></span> <span class='ocrx_word' id='word_1_285' title='bbox 450 3377 545 3450; x_wconf 79' lang='grc' dir='ltr'><strong><em>φέρειν</em></strong></span> <span class='ocrx_word' id='word_1_286' title='bbox 554 3381 670 3433; x_wconf 87' lang='lat' dir='ltr'><strong>Homer.</strong></span> <span class='ocrx_word' id='word_1_287' title='bbox 711 3379 742 3436; x_wconf 90' lang='lat' dir='ltr'><strong>in</strong></span> <span class='ocrx_word' id='word_1_288' title='bbox 752 3397 852 3452; x_wconf 86' lang='lat' dir='ltr'><strong>cumpo</strong></span> <span class='ocrx_word' id='word_1_289' title='bbox 867 3383 1086 3450; x_wconf 87' lang='lat' dir='ltr'><strong>procubuerant.</strong></span> <span class='ocrx_word' id='word_1_290' title='bbox 1104 3383 1155 3435; x_wconf 79' lang='lat' dir='ltr'><strong>lies</strong></span> <span class='ocrx_word' id='word_1_291' title='bbox 1166 3379 1201 3432; x_wconf 85' lang='lat' dir='ltr'><strong>sis</strong></span> 
     </span>
     <span class='ocr_line' id='line_1_37' title="bbox 170 3445 1200 3572; baseline 0.002 -73"><span class='ocrx_word' id='word_1_292' title='bbox 170 3450 283 3522; x_wconf 48' lang='lat'><strong>73⁶4</strong></span> <span class='ocrx_word' id='word_1_293' title='bbox 303 3456 477 3522; x_wconf 78' lang='lat' dir='ltr'><strong>nequicquam</strong></span> <span class='ocrx_word' id='word_1_294' title='bbox 493 3461 585 3520; x_wconf 79' lang='lat' dir='ltr'><strong>aptat,</strong></span> <span class='ocrx_word' id='word_1_295' title='bbox 611 3445 671 3501; x_wconf 79' lang='lat' dir='ltr'><strong>nou&#39;</strong></span> <span class='ocrx_word' id='word_1_296' title='bbox 712 3451 896 3572; x_wconf 52' lang='lat' dir='ltr'><strong>expedienda:</strong></span> <span class='ocrx_word' id='word_1_297' title='bbox 919 3451 1026 3505; x_wconf 81' lang='lat' dir='ltr'><strong>¹Rutuli</strong></span> <span class='ocrx_word' id='word_1_298' title='bbox 1049 3449 1200 3506; x_wconf 80' lang='lat' dir='ltr'><strong>obsidebant</strong></span> 
     </span>
     <span class='ocr_line' id='line_1_38' title="bbox 169 3513 1199 3590; baseline -0.001 -17"><span class='ocrx_word' id='word_1_299' title='bbox 169 3513 324 3588; x_wconf 79' lang='lat' dir='ltr'><strong>fruiturus,</strong></span> <span class='ocrx_word' id='word_1_300' title='bbox 345 3521 438 3584; x_wconf 86' lang='lat' dir='ltr'><strong>Serv.;</strong></span> <span class='ocrx_word' id='word_1_301' title='bbox 456 3527 586 3587; x_wconf 85' lang='lat' dir='ltr'><strong>respectu</strong></span> <span class='ocrx_word' id='word_1_302' title='bbox 597 3519 672 3572; x_wconf 84' lang='lat' dir='ltr'><strong>cala·</strong></span> <span class='ocrx_word' id='word_1_303' title='bbox 711 3535 746 3572; x_wconf 79' lang='lat' dir='ltr'><strong>va</strong></span> <span class='ocrx_word' id='word_1_304' title='bbox 758 3521 820 3574; x_wconf 84' lang='lat' dir='ltr'><strong>lum</strong></span> <span class='ocrx_word' id='word_1_305' title='bbox 833 3529 861 3573; x_wconf 91' lang='lat' dir='ltr'><strong>et</strong></span> <span class='ocrx_word' id='word_1_306' title='bbox 871 3525 1132 3590; x_wconf 85' lang='lat' dir='ltr'><strong>portascastrorum</strong></span> <span class='ocrx_word' id='word_1_307' title='bbox 1140 3521 1199 3572; x_wconf 83' lang='lat' dir='ltr'><strong>Tro·</strong></span> 
     </span>
     <span class='ocr_line' id='line_1_39' title="bbox 169 3586 1198 3661; baseline 0 -19"><span class='ocrx_word' id='word_1_308' title='bbox 169 3586 293 3653; x_wconf 78' lang='lat' dir='ltr'><strong>mitaris,</strong></span> <span class='ocrx_word' id='word_1_309' title='bbox 324 3603 408 3658; x_wconf 83' lang='lat' dir='ltr'><strong>quem</strong></span> <span class='ocrx_word' id='word_1_310' title='bbox 429 3596 596 3658; x_wconf 83' lang='lat' dir='ltr'><strong>accepturus</strong></span> <span class='ocrx_word' id='word_1_311' title='bbox 617 3597 670 3658; x_wconf 87' lang='lat' dir='ltr'><strong>est,</strong></span> <span class='ocrx_word' id='word_1_312' title='bbox 711 3587 859 3643; x_wconf 75' lang='lat' dir='ltr'><strong>danorum:</strong></span> <span class='ocrx_word' id='word_1_313' title='bbox 886 3590 923 3644; x_wconf 85' lang='lat' dir='ltr'><strong>ci.</strong></span> <span class='ocrx_word' id='word_1_314' title='bbox 948 3601 997 3660; x_wconf 76' lang='lat'><strong>159</strong></span> <span class='ocrx_word' id='word_1_315' title='bbox 1016 3599 1095 3661; x_wconf 62' lang='lat' dir='ltr'><strong>sqq„</strong></span> <span class='ocrx_word' id='word_1_316' title='bbox 1118 3591 1198 3657; x_wconf 80' lang='lat' dir='ltr'><strong>inque</strong></span> 
     </span>
     <span class='ocr_line' id='line_1_40' title="bbox 171 3657 1199 3730; baseline -0.004 -20"><span class='ocrx_word' id='word_1_317' title='bbox 171 3659 240 3710; x_wconf 86' lang='lat' dir='ltr'><strong>dum</strong></span> <span class='ocrx_word' id='word_1_318' title='bbox 260 3673 311 3728; x_wconf 87' lang='lat' dir='ltr'><strong>per</strong></span> <span class='ocrx_word' id='word_1_319' title='bbox 324 3671 390 3709; x_wconf 87' lang='lat' dir='ltr'><strong>eum</strong></span> <span class='ocrx_word' id='word_1_320' title='bbox 403 3657 556 3726; x_wconf 85' lang='lat' dir='ltr'><strong>impeditus</strong></span> <span class='ocrx_word' id='word_1_321' title='bbox 570 3659 671 3727; x_wconf 86' lang='lat' dir='ltr'><strong>prodi·</strong></span> <span class='ocrx_word' id='word_1_322' title='bbox 711 3665 822 3728; x_wconf 90' lang='lat' dir='ltr'><strong>turma,</strong></span> <span class='ocrx_word' id='word_1_323' title='bbox 842 3677 913 3730; x_wconf 88' lang='lat' dir='ltr'><strong>quae</strong></span> <span class='ocrx_word' id='word_1_324' title='bbox 926 3661 963 3712; x_wconf 88' lang='lat' dir='ltr'><strong>ad</strong></span> <span class='ocrx_word' id='word_1_325' title='bbox 978 3660 1132 3713; x_wconf 78' lang='lat' dir='ltr'><strong>exercitum</strong></span> <span class='ocrx_word' id='word_1_326' title='bbox 1144 3658 1199 3710; x_wconf 90' lang='lat' dir='ltr'><strong>mit-</strong></span> 
     </span>
     <span class='ocr_line' id='line_1_41' title="bbox 113 3727 1198 3798; baseline -0.003 -17"><span class='ocrx_word' id='word_1_327' title='bbox 113 3731 119 3740; x_wconf 88' lang='lat'><em>&#39;</em></span> <span class='ocrx_word' id='word_1_328' title='bbox 169 3738 219 3781; x_wconf 81' lang='lat' dir='ltr'><strong>tur</strong></span> <span class='ocrx_word' id='word_1_329' title='bbox 239 3743 266 3778; x_wconf 81' lang='lat' dir='ltr'><strong>v.</strong></span> <span class='ocrx_word' id='word_1_330' title='bbox 283 3733 344 3795; x_wconf 72' lang='lat'><strong>584.</strong></span> <span class='ocrx_word' id='word_1_331' title='bbox 365 3754 398 3766; x_wconf 89' lang='lat'><em>-</em></span> <span class='ocrx_word' id='word_1_332' title='bbox 420 3727 550 3795; x_wconf 79' lang='lat' dir='ltr'><strong>habilem,</strong></span> <span class='ocrx_word' id='word_1_333' title='bbox 574 3735 670 3796; x_wconf 82' lang='lat' dir='ltr'><strong>aptam</strong></span> <span class='ocrx_word' id='word_1_334' title='bbox 710 3729 832 3798; x_wconf 86' lang='lat' dir='ltr'><strong>tebatur,</strong></span> <span class='ocrx_word' id='word_1_335' title='bbox 852 3731 950 3782; x_wconf 85' lang='lat' dir='ltr'><strong>castris</strong></span> <span class='ocrx_word' id='word_1_336' title='bbox 962 3728 1151 3782; x_wconf 84' lang='lat' dir='ltr'><strong>Troianorum</strong></span> <span class='ocrx_word' id='word_1_337' title='bbox 1161 3743 1198 3793; x_wconf 84' lang='lat' dir='ltr'><strong>sp-</strong></span> 
     </span>
     <span class='ocr_line' id='line_1_42' title="bbox 171 3793 1197 3869; baseline -0.001 -20"><span class='ocrx_word' id='word_1_338' title='bbox 171 3795 275 3866; x_wconf 84' lang='lat' dir='ltr'><strong>capiti;</strong></span> <span class='ocrx_word' id='word_1_339' title='bbox 295 3811 354 3846; x_wconf 89' lang='lat' dir='ltr'><strong>esse</strong></span> <span class='ocrx_word' id='word_1_340' title='bbox 366 3793 477 3847; x_wconf 82' lang='lat' dir='ltr'><strong>videtur</strong></span> <span class='ocrx_word' id='word_1_341' title='bbox 485 3797 670 3850; x_wconf 88' lang='lat' dir='ltr'><strong>Homericum</strong></span> <span class='ocrx_word' id='word_1_342' title='bbox 710 3799 934 3869; x_wconf 72' lang='lat' dir='ltr'><strong>propinquabat:</strong></span> <span class='ocrx_word' id='word_1_343' title='bbox 975 3801 1064 3850; x_wconf 80' lang='lat' dir='ltr'><strong>subire</strong></span> <span class='ocrx_word' id='word_1_344' title='bbox 1082 3807 1123 3851; x_wconf 89' lang='lat' dir='ltr'><strong>est</strong></span> <span class='ocrx_word' id='word_1_345' title='bbox 1141 3797 1165 3848; x_wconf 87' lang='lat' dir='ltr'><strong>b.</strong></span> <span class='ocrx_word' id='word_1_346' title='bbox 1181 3795 1197 3844; x_wconf 88' lang='lat' dir='ltr'><strong>l·</strong></span> 
     </span>
     <span class='ocr_line' id='line_1_43' title="bbox 170 3859 1197 3938; baseline -0.007 -15"><span class='ocrx_word' id='word_1_347' title='bbox 170 3859 204 3924; x_wconf 80' lang='lat' dir='ltr'><strong>ed</strong></span> <span class='ocrx_word' id='word_1_348' title='bbox 217 3860 367 3936; x_wconf 73' lang='grc' dir='ltr'><strong><em>ἀραρυῖαν.</em></strong></span> <span class='ocrx_word' id='word_1_349' title='bbox 381 3863 416 3916; x_wconf 80' lang='lat' dir='ltr'><strong>cf.</strong></span> <span class='ocrx_word' id='word_1_350' title='bbox 432 3865 468 3915; x_wconf 85' lang='lat' dir='ltr'><strong>sd</strong></span> <span class='ocrx_word' id='word_1_351' title='bbox 482 3867 510 3932; x_wconf 90' lang='lat'><strong>1,</strong></span> <span class='ocrx_word' id='word_1_352' title='bbox 530 3875 596 3934; x_wconf 75' lang='lat'><strong>518.</strong></span> <span class='ocrx_word' id='word_1_353' title='bbox 651 3863 654 3870; x_wconf 83' lang='grc'><strong>’</strong></span> <span class='ocrx_word' id='word_1_354' title='bbox 711 3868 828 3938; x_wconf 84' lang='lat' dir='ltr'><strong>propius</strong></span> <span class='ocrx_word' id='word_1_355' title='bbox 842 3869 997 3936; x_wconf 80' lang='lat' dir='ltr'><strong>accedere,</strong></span> <span class='ocrx_word' id='word_1_356' title='bbox 1012 3885 1081 3936; x_wconf 87' lang='lat' dir='ltr'><strong>non,</strong></span> <span class='ocrx_word' id='word_1_357' title='bbox 1101 3863 1197 3936; x_wconf 85' lang='lat' dir='ltr'><strong>ingredi</strong></span> 
     </span>
    </p>

    <p class='ocr_par' dir='ltr' id='par_1_12' title="bbox 168 3933 1196 4284">
     <span class='ocr_line' id='line_1_44' title="bbox 207 3933 1195 4010; baseline -0.003 -22"><span class='ocrx_word' id='word_1_358' title='bbox 207 3937 258 4010; x_wconf 79' lang='lat'><strong>367</strong></span> <span class='ocrx_word' id='word_1_359' title='bbox 277 3951 337 4005; x_wconf 88' lang='lat' dir='ltr'><strong>sqq.</strong></span> <span class='ocrx_word' id='word_1_360' title='bbox 366 3933 492 3986; x_wconf 83' lang='lat' dir='ltr'><strong>Reticnit</strong></span> <span class='ocrx_word' id='word_1_361' title='bbox 515 3938 601 4009; x_wconf 75' lang='lat' dir='ltr'><strong>potita</strong></span> <span class='ocrx_word' id='word_1_362' title='bbox 626 3951 670 3990; x_wconf 82' lang='lat' dir='ltr'><strong>ss·</strong></span> <span class='ocrx_word' id='word_1_363' title='bbox 714 3937 855 4006; x_wconf 81' lang='lat' dir='ltr'><strong>(muroque</strong></span> <span class='ocrx_word' id='word_1_364' title='bbox 874 3939 977 3990; x_wconf 91' lang='lat' dir='ltr'><strong>medic.</strong></span> <span class='ocrx_word' id='word_1_365' title='bbox 998 3937 1060 3989; x_wconf 89' lang='lat' dir='ltr'><strong>cod.</strong></span> <span class='ocrx_word' id='word_1_366' title='bbox 1074 3943 1195 4008; x_wconf 85' lang='lat' dir='ltr'><strong>praestat,</strong></span> 
     </span>
     <span class='ocr_line' id='line_1_45' title="bbox 170 3999 1194 4079; baseline -0.005 -19"><span class='ocrx_word' id='word_1_367' title='bbox 170 4007 283 4079; x_wconf 83' lang='lat' dir='ltr'><strong>pienter</strong></span> <span class='ocrx_word' id='word_1_368' title='bbox 296 3999 449 4066; x_wconf 83' lang='lat' dir='ltr'><strong>nonnulla,</strong></span> <span class='ocrx_word' id='word_1_369' title='bbox 478 4021 547 4073; x_wconf 86' lang='lat' dir='ltr'><strong>quae</strong></span> <span class='ocrx_word' id='word_1_370' title='bbox 561 4021 593 4055; x_wconf 85' lang='lat' dir='ltr'><strong>ex</strong></span> <span class='ocrx_word' id='word_1_371' title='bbox 607 4005 670 4076; x_wconf 87' lang='lat' dir='ltr'><strong>ipsa</strong></span> <span class='ocrx_word' id='word_1_372' title='bbox 712 4005 749 4058; x_wconf 84' lang='lat' dir='ltr'><strong>cl.</strong></span> <span class='ocrx_word' id='word_1_373' title='bbox 765 4007 825 4074; x_wconf 88' lang='lat' dir='ltr'><strong>Vll,</strong></span> <span class='ocrx_word' id='word_1_374' title='bbox 847 4008 911 4060; x_wconf 80' lang='lat'>161:</span> <span class='ocrx_word' id='word_1_375' title='bbox 932 4011 1080 4077; x_wconf 81' lang='lat' dir='ltr'><strong>Murosque</strong></span> <span class='ocrx_word' id='word_1_376' title='bbox 1090 4007 1144 4060; x_wconf 84' lang='lat' dir='ltr'><strong>elii.</strong></span> <span class='ocrx_word' id='word_1_377' title='bbox 1157 4003 1194 4067; x_wconf 84' lang='lat' dir='ltr'><strong>n.)</strong></span> 
     </span>
     <span class='ocr_line' id='line_1_46' title="bbox 168 4071 1196 4144; baseline -0.009 -14"><span class='ocrx_word' id='word_1_378' title='bbox 168 4074 335 4130; x_wconf 86' lang='lat' dir='ltr'><strong>narratione</strong></span> <span class='ocrx_word' id='word_1_379' title='bbox 348 4071 557 4142; x_wconf 81' lang='lat' dir='ltr'><strong>intelliguntur.</strong></span> <span class='ocrx_word' id='word_1_380' title='bbox 586 4077 670 4127; x_wconf 84' lang='lat' dir='ltr'><strong>Prae·</strong></span> <span class='ocrx_word' id='word_1_381' title='bbox 712 4105 747 4116; x_wconf 87' lang='lat'><strong>—-</strong></span> <span class='ocrx_word' id='word_1_382' title='bbox 764 4093 813 4144; x_wconf 75' lang='lat'><strong>372</strong></span> <span class='ocrx_word' id='word_1_383' title='bbox 828 4075 901 4128; x_wconf 76' lang='lat' dir='ltr'><strong>laevo</strong></span> <span class='ocrx_word' id='word_1_384' title='bbox 917 4078 1016 4142; x_wconf 83' lang='lat' dir='ltr'><strong>limite,</strong></span> <span class='ocrx_word' id='word_1_385' title='bbox 1042 4075 1196 4133; x_wconf 79' lang='lat' dir='ltr'><strong>viselaeva</strong></span> 
     </span>
     <span class='ocr_line' id='line_1_47' title="bbox 169 4144 1196 4214; baseline -0.01 -14"><span class='ocrx_word' id='word_1_386' title='bbox 169 4153 292 4200; x_wconf 82' lang='lat' dir='ltr'><strong>cesserat</strong></span> <span class='ocrx_word' id='word_1_387' title='bbox 309 4145 424 4196; x_wconf 86' lang='lat' dir='ltr'><strong>Turnus</strong></span> <span class='ocrx_word' id='word_1_388' title='bbox 451 4158 515 4193; x_wconf 89' lang='lat' dir='ltr'><strong>oum</strong></span> <span class='ocrx_word' id='word_1_389' title='bbox 540 4144 669 4212; x_wconf 81' lang='lat' dir='ltr'><strong>expedito</strong></span> <span class='ocrx_word' id='word_1_390' title='bbox 710 4154 791 4214; x_wconf 83' lang='lat' dir='ltr'><strong>perte</strong></span> <span class='ocrx_word' id='word_1_391' title='bbox 806 4147 1014 4209; x_wconf 65' lang='lat' dir='ltr'><strong>Troianorum,</strong></span> <span class='ocrx_word' id='word_1_392' title='bbox 1039 4145 1196 4198; x_wconf 73' lang='lat' dir='ltr'><strong>suintino</strong></span> 
     </span>
     <span class='ocr_line' id='line_1_48' title="bbox 172 4206 1194 4284; baseline -0.009 -16"><span class='ocrx_word' id='word_1_393' title='bbox 172 4215 283 4282; x_wconf 54' lang='lat' dir='ltr'><strong>*antino</strong></span> <span class='ocrx_word' id='word_1_394' title='bbox 308 4213 342 4266; x_wconf 81' lang='lat' dir='ltr'><strong>ad</strong></span> <span class='ocrx_word' id='word_1_395' title='bbox 367 4220 458 4266; x_wconf 76' lang='lat' dir='ltr'><strong>cestra</strong></span> <span class='ocrx_word' id='word_1_396' title='bbox 478 4211 669 4265; x_wconf 81' lang='lat' dir='ltr'><strong>Troianorum</strong></span> <span class='ocrx_word' id='word_1_397' title='bbox 709 4227 820 4284; x_wconf 81' lang='lat' dir='ltr'><strong>portae,</strong></span> <span class='ocrx_word' id='word_1_398' title='bbox 854 4235 920 4284; x_wconf 82' lang='lat' dir='ltr'><strong>quae</strong></span> <span class='ocrx_word' id='word_1_399' title='bbox 936 4217 1061 4282; x_wconf 74' lang='lat' dir='ltr'><strong>proxima</strong></span> <span class='ocrx_word' id='word_1_400' title='bbox 1080 4206 1158 4284; x_wconf 69' lang='lat' dir='ltr'><strong>ponto</strong></span> <span class='ocrx_word' id='word_1_401' title='bbox 1174 4227 1194 4260; x_wconf 82' lang='lat' dir='ltr'><strong>r.</strong></span> 
     </span>
    </p>

    <p class='ocr_par' dir='ltr' id='par_1_13' title="bbox 210 4277 1197 4395">
     <span class='ocr_line' id='line_1_49' title="bbox 210 4277 1197 4395; baseline 0 -63"><span class='ocrx_word' id='word_1_402' title='bbox 210 4283 364 4352; x_wconf 77' lang='lat' dir='ltr'><strong>rugntnds.</strong></span> <span class='ocrx_word' id='word_1_403' title='bbox 395 4277 511 4395; x_wconf 54' lang='lat' dir='ltr'><strong>&#39;Interea</strong></span> <span class='ocrx_word' id='word_1_404' title='bbox 526 4287 557 4330; x_wconf 85' lang='lat' dir='ltr'><strong>ut</strong></span> <span class='ocrx_word' id='word_1_405' title='bbox 572 4283 668 4348; x_wconf 68' lang='lat' dir='ltr'><strong>copias</strong></span> <span class='ocrx_word' id='word_1_406' title='bbox 712 4289 771 4348; x_wconf 76' lang='lat'><strong>238.</strong></span> <span class='ocrx_word' id='word_1_407' title='bbox 783 4283 859 4336; x_wconf 86' lang='lat' dir='ltr'><strong>coni.</strong></span> <span class='ocrx_word' id='word_1_408' title='bbox 876 4283 1064 4354; x_wconf 74' lang='lat' dir='ltr'><strong>sdt.195.·-</strong></span> <span class='ocrx_word' id='word_1_409' title='bbox 1078 4279 1197 4354; x_wconf 71' lang='lat' dir='ltr'><strong>575baud</strong></span> 
     </span>
    </p>

    <p class='ocr_par' dir='ltr' id='par_1_14' title="bbox 881 4369 1084 4404">
     <span class='ocr_line' id='line_1_50' title="bbox 881 4369 1084 4404; baseline 0.005 -24"><span class='ocrx_word' id='word_1_410' title='bbox 881 4372 897 4404; x_wconf 22' lang='grc' dir='ltr'><strong>,ἣ</strong></span> <span class='ocrx_word' id='word_1_411' title='bbox 1081 4369 1084 4398; x_wconf 78' lang='lat'><strong>,</strong></span> 
     </span>
    </p>
   </div>
   <div class='ocr_carea' id='block_1_12' title="bbox 0 0 1242 4850">
    <p class='ocr_par' dir='ltr' id='par_1_15' title="bbox 0 0 1242 4850">
     <span class='ocr_line' id='line_1_51' title="bbox 0 0 1242 4850; baseline 0 3"><span class='ocrx_word' id='word_1_412' title='bbox 0 0 1242 4850; x_wconf 95' lang='lat' dir='ltr'><strong> </strong></span> 
     </span>
    </p>
   </div>
  </div>
 </body>
</html>
